<?xml version="1.0" encoding="UTF-8"?><collection xmlns="http://www.loc.gov/MARC21/slim"><record><leader>00361nam--2200133-i-4500</leader><controlfield tag="001">000034998</controlfield><controlfield tag="002">20161230</controlfield><controlfield tag="005">20161230201040</controlfield><controlfield tag="008">060222s1000------------r-----000-0-eng-d</controlfield><datafield ind1=" " ind2=" " tag="100"><subfield code="a">Murphy, Gordon</subfield></datafield><datafield ind1=" " ind2=" " tag="245"><subfield code="a">Basic automatic control theory</subfield></datafield><datafield ind1=" " ind2=" " tag="260"><subfield code="a">New York, Van Nostrand, 1957, Xi + 557p</subfield></datafield><datafield ind1=" " ind2=" " tag="490"><subfield code="a">Van Nostrand Series In Electronics Comm</subfield></datafield><datafield ind1=" " ind2=" " tag="852"><subfield code="a">12977</subfield></datafield></record></collection>